<collection xmlns="http://www.loc.gov/MARC21/slim">
<record>
  <leader>01405nam0a2200241 i 450 </leader>
  <controlfield tag="001">IT\ICCU\CNCE\064257</controlfield>
  <controlfield tag="005">20080415000000.0</controlfield>
  <datafield tag="012" ind1=" " ind2=" ">
    <subfield code="a">mea- jss; a.in poeu (3) 1590 (R)</subfield>
    <subfield code="2">fei</subfield>
  </datafield>
  <datafield tag="100" ind1=" " ind2=" ">
    <subfield code="a">20060308d1590        0itac0103    ba</subfield>
  </datafield>
  <datafield tag="101" ind1=" " ind2=" ">
    <subfield code="a">LAT</subfield>
  </datafield>
  <datafield tag="102" ind1=" " ind2=" ">
    <subfield code="a">IT</subfield>
  </datafield>
  <datafield tag="200" ind1="1" ind2=" ">
    <subfield code="a">Preces horariae quaedam perpiae. Nuper auctoritate r. superiorum ecclesiasticorum ex varijs locis per pios &amp; eruditos viros et praesertim per admodum reuer. p. Modestum Vicentinum Ordinis praedicatorum sacrae theologiae magistrum collectae, &amp; simul iunctae. Quibus multa necessaria quae antea deerant adiuncta sunt: eaeque iuxta formam officij parui b. Mariae virg. omnino reformatae, &amp; ordinatae. Quae praecipue ad vsum, &amp; sanctum exercitium spiritualium secularium commodae sunt</subfield>
  </datafield>
  <datafield tag="210" ind1=" " ind2=" ">
    <subfield code="a">Venetis</subfield>
    <subfield code="c">apud Nicolaum Polum</subfield>
    <subfield code="d">1590</subfield>
    <subfield code="e">Venetiis</subfield>
    <subfield code="g">ex typographia Nicolai Poli</subfield>
    <subfield code="h">1590</subfield>
  </datafield>
  <datafield tag="215" ind1=" " ind2=" ">
    <subfield code="a">\8!, 176 c.</subfield>
    <subfield code="c">ill.</subfield>
    <subfield code="d">12ʻ</subfield>
  </datafield>
  <datafield tag="620" ind1=" " ind2=" ">
    <subfield code="a">IT</subfield>
    <subfield code="d">Venezia</subfield>
  </datafield>
  <datafield tag="702" ind1=" " ind2="0">
    <subfield code="a">Modesto</subfield>
    <subfield code="c"> : da#Vicenza</subfield>
    <subfield code="3">IT\ICCU\CNCA\026336</subfield>
  </datafield>
  <datafield tag="712" ind1="0" ind2="0">
    <subfield code="a"></subfield>
    <subfield code="3">IT\ICCU\CNCT\000252</subfield>
    <subfield code="4">650</subfield>
  </datafield>
  <datafield tag="790" ind1=" " ind2="0">
    <subfield code="a">Modestus</subfield>
    <subfield code="c"> : de#Vicentia</subfield>
    <subfield code="3">IT\ICCU\CNCA\026339</subfield>
    <subfield code="z">Modesto : da#Vicenza</subfield>
  </datafield>
  <datafield tag="790" ind1=" " ind2="1">
    <subfield code="a">Vicentinus,</subfield>
    <subfield code="b">Modestus</subfield>
    <subfield code="3">IT\ICCU\CNCA\026340</subfield>
    <subfield code="z">Modesto : da#Vicenza</subfield>
  </datafield>
  <datafield tag="791" ind1="0" ind2="0">
    <subfield code="a">Polus, Nicolaus</subfield>
    <subfield code="3">IT\ICCU\CNCT\005466</subfield>
    <subfield code="z"></subfield>
  </datafield>
  <datafield tag="801" ind1=" " ind2="3">
    <subfield code="a">IT</subfield>
    <subfield code="b">ICCU</subfield>
    <subfield code="c">20201115</subfield>
  </datafield>
  <datafield tag="899" ind1=" " ind2=" ">
    <subfield code="a">Biblioteca statale. Lucca</subfield>
    <subfield code="1">LU0022</subfield>
    <subfield code="2">LUA BL</subfield>
  </datafield>
  <datafield tag="899" ind1=" " ind2=" ">
    <subfield code="a">Biblioteca civica Bertoliana. Vicenza</subfield>
    <subfield code="1">VI0096</subfield>
    <subfield code="2">VIA BE</subfield>
  </datafield>
</record>
</collection>
